@article{rmlDset,
	author = {Timothy O'Shea and Nathan West},
	title = { Radio Machine Learning Dataset Generation with GNU Radio},
	journal = {Proceedings of the GNU Radio Conference},
	volume = {1},
	number = {1},
	year = {2016},
	keywords = {},
	abstract = {This paper surveys emerging applications of Machine Learning (ML) to the Radio Signal Processing domain.  Provides some brief background on enabling methods and discusses some of the potential advancements for the field.  It discusses the critical importance of good datasets for model learning, testing, and evaluation and introduces several public open source synthetic datasets for various radio machine learning tasks.  These are intended to provide a robust common baselines for those working in the field and to provide a benchmark measure against which many techniques can be rapidly evaluated and compared.},
	url = {https://pubs.gnuradio.org/index.php/grcon/article/view/11}
}

@misc{cnn1,
Author = {Sharan Ramjee and Shengtai Ju and Diyu Yang and Xiaoyu Liu and Aly El Gamal and Yonina C. Eldar},
Title = {Fast Deep Learning for Automatic Modulation Classification},
Year = {2019},
Eprint = {arXiv:1901.05850},
}

@misc{cnn2,
Author = {Timothy J O'Shea and Johnathan Corgan and T. Charles Clancy},
Title = {Convolutional Radio Modulation Recognition Networks},
Year = {2016},
Eprint = {arXiv:1602.04105},
}

@article{ann1, title={Effective Feature Selection Method for Deep Learning-Based Automatic Modulation Classification Scheme Using Higher-Order Statistics}, volume={10}, ISSN={2076-3417}, url={http://dx.doi.org/10.3390/app10020588}, DOI={10.3390/app10020588}, number={2}, journal={Applied Sciences}, publisher={MDPI AG}, author={Lee, Sang Hoon and Kim, Kwang-Yul and Shin, Yoan}, year={2020}, month={Jan}, pages={588}}

@INPROCEEDINGS{ann2, author={B. {Kim} and J. {Kim} and H. {Chae} and D. {Yoon} and J. W. {Choi}}, booktitle={2016 International Conference on Information and Communication Technology Convergence (ICTC)}, title={Deep neural network-based automatic modulation classification technique}, year={2016}, volume={}, number={}, pages={579-582},}

@Article{catEye,
author={HUBEL, D. H.
and WIESEL, T. N.},
title={Receptive fields of single neurones in the cat's striate cortex},
journal={The Journal of physiology},
year={1959},
month={Oct},
volume={148},
number={3},
pages={574-591},
keywords={*CEREBRAL CORTEX/physiology},
keywords={*NEURONS/physiology},
keywords={Animals},
keywords={Cats},
keywords={Cerebral Cortex/*physiology},
keywords={Neurons/*physiology},
keywords={*Visual Cortex},
note={14403679[pmid]},
note={PMC1363130[pmcid]},
issn={0022-3751},
doi={10.1113/jphysiol.1959.sp006308},
url={https://pubmed.ncbi.nlm.nih.gov/14403679}
}

@Article{neocognitron,
author={Fukushima, Kunihiko},
title={Neocognitron: A self-organizing neural network model for a mechanism of pattern recognition unaffected by shift in position},
journal={Biological Cybernetics},
year={1980},
volume={36},
number={4},
pages={193-202},
issn={1432-0770},
doi={10.1007/BF00344251},
url={https://doi.org/10.1007/BF00344251}
}

@Misc{stratSamp,
title={Encyclopedia of Survey Research Methods AU - Lavrakas, Paul},
year={2008},
address={Thousand Oaks, California},
doi={10.4135/9781412963947},
url={https://methods.sagepub.com/reference/encyclopedia-of-survey-research-methods}
}

@ARTICLE{lenet5, author={Y. {Lecun} and L. {Bottou} and Y. {Bengio} and P. {Haffner}}, journal={Proceedings of the IEEE}, title={Gradient-based learning applied to document recognition}, year={1998}, volume={86}, number={11}, pages={2278-2324},}

@misc{unet,
Author = {Olaf Ronneberger and Philipp Fischer and Thomas Brox},
Title = {U-Net: Convolutional Networks for Biomedical Image Segmentation},
Year = {2015},
Eprint = {arXiv:1505.04597},
}

@INPROCEEDINGS{featImage, author={J. H. {Lee} and K. {Kim} and Y. {Shin}}, booktitle={2019 International Conference on Artificial Intelligence in Information and Communication (ICAIIC)}, title={Feature Image-Based Automatic Modulation Classification Method Using CNN Algorithm}, year={2019}, volume={}, number={}, pages={1-4},}

@ARTICLE{ddriven,  author={Y. {Wang} and M. {Liu} and J. {Yang} and G. {Gui}},  journal={IEEE Transactions on Vehicular Technology},  title={Data-Driven Deep Learning for Automatic Modulation Recognition in Cognitive Radios},   year={2019},  volume={68},  number={4},  pages={4074-4077},}